@book{Baier2008,
    author = {Baier, Christel and Katoen, Joost-Pieter},
    pages = {1--975},
    publisher = {MIT Press},
    title = {{Principles Of Model Checking}},
    year = {2008}
}
@article{Balkan2018,
    author = {Balkan, Ayca and Vardi, Moshe and Tabuada, Paulo},
    doi = {10.1109/TAC.2017.2722960},
    journal = {IEEE Transactions on Automatic Control},
    number = {1},
    pages = {196--202},
    title = {{Mode-Target Games: Reactive Synthesis for Control Applications}},
    volume = {63},
    year = {2018}
}
@article{Baotic2009,
    author = {Baoti{\'{c}}, M},
    journal = {Automatika},
    number = {3-4},
    pages = {119--134},
    title = {{Polytopic Computations in Constrained Optimal Control}},
    volume = {50},
    year = {2009}
}
@inproceedings{Bennion2014,
    author = {Bennion, Matthew and Habli, Ibrahim},
    booktitle = {Companion Proceedings of the 36th International Conference on Software Engineering - ICSE Companion 2014},
    doi = {10.1145/2591062.2591184},
    pages = {175--184},
    publisher = {ACM},
    title = {{A candid industrial evaluation of formal software verification using model checking}},
    year = {2014}
}
@article{Chatterjee2012,
    author = {Chatterjee, Krishnendu and Henzinger, Thomas A.},
    doi = {10.1016/j.jcss.2011.05.002},
    journal = {Journal of Computer and System Sciences},
    month = {mar},
    pages = {394--413},
    publisher = {Elsevier Inc.},
    title = {{A survey of stochastic $\omega$-regular games}},
    volume = {78},
    year = {2012}
}
@inproceedings{Clarke2000,
    author = {Clarke, Edmund and Grumberg, Orna and Jha, Somesh and Lu, Yuan and Veith, Helmut},
    booktitle = {Computer Aided Verification. CAV 2000. Lecture Notes in Computer Science},
    editor = {Emerson, E. Allen and Sistla, Aravinda Prasad},
    pages = {154--169},
    title = {{Counterexample-Guided Abstraction Refinement}},
    volume = {1855},
    year = {2000}
    doi = {10.1007/10722167_15},
}
@inproceedings{Duret2016,
    author = {Alexandre Duret-Lutz and Alexandre Lewkowicz and Amaury Fauchille and Thibaud Michaud and Etienne Renault and Laurent Xu},
    title = {Spot 2.0 --- a framework for {LTL} and $\omega$-automata manipulation},
    booktitle = {Proceedings of the 14th International Symposium on Automated Technology for Verification and Analysis (ATVA'16)},
    series = {Lecture Notes in Computer Science},
    publisher = {Springer},
    volume = {9938},
    pages = {122--129},
    year = {2016},
    doi = {10.1007/978-3-319-46520-3_8}
}
@article{Ehlers2017,
    author = {Ehlers, R{\"{u}}diger and Lafortune, St{\'{e}}phane and Tripakis, Stavros and Vardi, Moshe Y.},
    doi = {10.1007/s10626-015-0223-0},
    journal = {Discrete Event Dynamic Systems},
    number = {2},
    pages = {209--260},
    title = {{Supervisory control and reactive synthesis: a comparative introduction}},
    volume = {27},
    year = {2017}
}
@incollection{Emerson2008,
    author = {Emerson, E. Allen},
    booktitle = {25 Years of Model Checking. Lecture Notes in Computer Science, vol 5000},
    doi = {10.1007/978-3-540-69850-0_2},
    editor = {Grumberg, O. and Veith, H.},
    publisher = {Springer},
    title = {{The Beginning of Model Checking: A Personal Perspective}},
    year = {2008}
}
@misc{Fukuda2019,
    author = {Fukuda, Komei},
    title = {cddlib},
    year = {2019},
    publisher = {\hyphenatedurl{https://github.com/cddlib/cddlib}},
    note = {Accessed 2019-05-05}
}
@inproceedings{Gastin2001,
    address = {Paris, France},
    author = {Gastin, Paul and Oddoux, Denis},
    booktitle = {{P}roceedings of the 13th {I}nternational {C}onference on {C}omputer {A}ided {V}erification ({CAV}'01)},
    editor = {Berry, G{\'e}rard and Comon, Hubert and Finkel, Alain},
    pages = {53-65},
    publisher = {Springer},
    series = {Lecture Notes in Computer Science},
    title = {Fast {LTL} to {B}{\"u}chi Automata Translation},
    volume = {2102},
    year = {2001}
}
@InProceedings {Herceg2013,
    author={M. Herceg and M. Kvasnica and C.N. Jones and M. Morari},
    title={{Multi-Parametric Toolbox 3.0}},
    booktitle={Proc.~of the European Control Conference},
    year={2013},
    address={Z\"urich, Switzerland},
    month={July 17--19},
    pages = {502--510}
}
@InProceedings{Kretinsky2018,
    author="K{\v{r}}et{\'i}nsk{\'y}, Jan and Meggendorfer, Tobias and Sickert, Salomon and Ziegler, Christopher",
    editor="Chockler, Hana and Weissenbacher, Georg",
    title="Rabinizer 4: From {LTL} to Your Favourite Deterministic Automaton",
    booktitle="Computer Aided Verification",
    year="2018",
    publisher="Springer International Publishing",
    pages="567--577"
}

@article{Lin2014,
    author = {Lin, Hai and Antsaklis, Panos J.},
    title = {Hybrid Dynamical Systems: An Introduction to Control and Verification},
    journal = {Found. Trends Syst. Control},
    volume = {1},
    number = {1},
    year = {2014},
    pages = {1--172},
    doi = {10.1561/2600000001}
} 
@article{Lahijanian2015,
    author = {Lahijanian, Morteza and Andersson, Sean B. and Belta, Calin},
    doi = {10.1109/TAC.2015.2398883},
    journal = {IEEE Transactions on Automatic Control},
    number = {8},
    pages = {2031--2045},
    title = {{Formal Verification and Synthesis for Discrete-Time Stochastic Systems}},
    volume = {60},
    year = {2015}
}
@inproceedings{Rakovic2004,
    author = {Rakovic, S.V. and Grieder, P. and Kvasnica, M. and Mayne, D.Q. and Morari, M.},
    booktitle = {43rd IEEE Conference on Decision and Control (CDC)},
    doi = {10.1109/CDC.2004.1430242},
    number = {1},
    pages = {1418--1423 Vol.2},
    publisher = {IEEE},
    title = {{Computation of invariant sets for piecewise affine discrete time systems subject to bounded disturbances}},
    volume = {38},
    year = {2004}
}
@article{Svorenova2017,
    author = {Svoreňov{\'{a}}, M{\'{a}}ria and Křet{\'{i}}nsk{\'{y}}, Jan and Chmel{\'{i}}k, Martin and Chatterjee, Krishnendu and {\v{C}}ern{\'{a}}, Ivana and Belta, Calin},
    doi = {10.1016/j.nahs.2016.04.006},
    journal = {Nonlinear Analysis: Hybrid Systems},
    number = {15},
    pages = {230--253},
    title = {{Temporal logic control for stochastic linear systems using abstraction refinement of probabilistic games}},
    volume = {23},
    year = {2017}
}
@book{VanDerSchaft2000,
    author = {{Van Der Schaft}, Arjan J. and Schumacher, Johannes Maria},
    isbn = {1-85233-233-6},
    pages = {174},
    publisher = {Springer},
    title = {{An introduction to hybrid dynamical systems}},
    year = {2000}
}
@inproceedings{Wongpiromsarn2011,
    author = {Wongpiromsarn, Tichakorn and Topcu, Ufuk and Ozay, Necmiye and Xu, Huan and Murray, Richard M.},
    booktitle = {Proceedings of the 14th international conference on Hybrid systems: computation and control - HSCC '11},
    doi = {10.1145/1967701.1967747},
    pages = {313--314},
    publisher = {ACM Press},
    title = {{TuLiP: a software toolbox for receding horizon temporal logic planning}},
    year = {2011}
}
@inproceedings{Yordanov2009,
    author = {Yordanov, Boyan and Belta, Calin},
    booktitle = {Proceedings of the 48h IEEE Conference on Decision and Control (CDC) held jointly with 2009 28th Chinese Control Conference},
    doi = {10.1109/CDC.2009.5400657},
    number = {6},
    pages = {3182--3187},
    publisher = {IEEE},
    title = {{Temporal logic control of discrete-time piecewise affine systems}},
    volume = {57},
    year = {2009}
}
@article{Yordanov2012,
    author = {Yordanov, Boyan and Tumova, Jana and Cerna, Ivana and Barnat, Jiř{\'{i}} and Belta, Calin},
    doi = {10.1109/TAC.2011.2178328},
    journal = {IEEE Transactions on Automatic Control},
    number = {6},
    pages = {1491--1504},
    title = {{Temporal Logic Control of Discrete-Time Piecewise Affine Systems}},
    volume = {57},
    year = {2012}
}
